@ARTICLE{moriceau2011,
   author = {{Moriceau}, S.},
   title = "{Cellular automata on a $G$-set}",
   journal = {ArXiv e-prints},
   archivePrefix = "arXiv",
   eprint = {1105.5335},
   primaryClass = "math.DS",
   keywords = {Mathematics - Dynamical Systems, 37B15, 68Q80, F.1.1},
   year = 2011,
   month = may,
   adsurl = {http://adsabs.harvard.edu/abs/2011arXiv1105.5335M},
   adsnote = {Provided by the SAO/NASA Astrophysics Data System}
}

@inproceedings{wacker2016,
   author = {{Wacker}, S.},
   title = "{Cellular automata on group sets and the uniform
      Curtis-Hedlund-Lyndon theorem}",
   booktitle = "Cellular automata and discrete complex systems",
   editor = {{Cook}, M. and {Neary}, T.},
   pages = "185-198",
   year = 2016,
   month = June,
   doi = "10.1007/978-3-319-39300-1 15"
}
